@incollection{hagberg2016temporal,
  title={Temporal reachability in dynamic networks},
  author={Hagberg, Aric and Lemons, Nathan and Misra, Sidhant},
  booktitle={Dynamic Networks and Cyber-Security},
  pages={181--208},
  year={2016},
  publisher={World Scientific}
}

@article{mallmann2018eigenvector,
  title={Eigenvector Computation and Community Detection in Asynchronous Gossip Models},
  author={Mallmann-Trenn, Frederik and Musco, Cameron and Musco, Christopher},
  journal={arXiv preprint arXiv:1804.08548},
  year={2018}
}

@article{boyd2006randomized,
  title={Randomized gossip algorithms},
  author={Boyd, Stephen and Ghosh, Arpita and Prabhakar, Balaji and Shah, Devavrat},
  journal={IEEE/ACM Transactions on Networking (TON)},
  volume={14},
  number={SI},
  pages={2508--2530},
  year={2006},
  publisher={IEEE Press}
}

@inproceedings{loizou2016new,
  title={A new perspective on randomized gossip algorithms},
  author={Loizou, Nicolas and Richt{\'a}rik, Peter},
  booktitle={2016 IEEE Global Conference on Signal and Information Processing (GlobalSIP)},
  pages={440--444},
  year={2016},
  organization={IEEE}
}

@article{gower2015randomized,
  title={Randomized iterative methods for linear systems},
  author={Gower, Robert M and Richt{\'a}rik, Peter},
  journal={SIAM Journal on Matrix Analysis and Applications},
  volume={36},
  number={4},
  pages={1660--1690},
  year={2015},
  publisher={SIAM}
}
